@article{RustBCA, doi = {10.21105/joss.03298}, url = {https://doi.org/10.21105/joss.03298}, year = {2021}, publisher = {The Open Journal}, volume = {6}, number = {64}, pages = {3298}, author = {Jon. T. Drobny and Davide Curreli}, title = {RustBCA: A High-Performance Binary-Collision-Approximation Code for Ion-Material Interactions}, journal = {Journal of Open Source Software} }
@book{eckstein2013computer,
  title={Computer Simulation of Ion-Solid Interactions},
  author={Eckstein, W.},
  isbn={9783642735134},
  series={Springer Series in Materials Science},
  url={https://books.google.de/books?id=4h3rCAAAQBAJ},
  year={2013},
  publisher={Springer Berlin Heidelberg}
}
